@mics{chrony,
    JOURNAL = {archlinux},
    AUTHOR = {GNU free document},
    TITLE = {Chrony - archlinux wiki},
    MONTH = {May},
    YEAR = {2021},
    NOTE = {Accessed on 2022-25-03},
    URL = {https://wiki.archlinux.org/title/Chrony}
}

@mics{ntp,
    JOURNAL = {archlinux},
    AUTHOR = {GNU free document},
    TITLE = {Network Time Protocol daemon - archlinux wiki},
    MONTH = {Mar},
    YEAR = {2022},
    NOTE = {Accessed on 2022-25-03},
    URL = {https://wiki.archlinux.org/title/Network_Time_Protocol_daemon}
}

@mics{ntporg,
    JOURNAL = {Network Time Protocol},
    AUTHOR = {Andy Shinton},
    TITLE = {NTP: The Network Time Protocol},
    MONTH = {June},
    YEAR = {2020},
    NOTE = {Accessed on 2022-25-03},
    URL = {https://www.ntp.org}
}

@mics{dcf,
    JOURNAL = {Physikalisch-Technische Bundesanstalt},
    AUTHOR = {Physikalisch-Technische Bundesanstalt},
    TITLE = {},
    MONTH = {June},
    YEAR = {2019},
    NOTE = {Accessed on 2022-25-03},
    URL = {https://www.ptb.de/cms/en/ptb/fachabteilungen/abt4/fb-44/ag-442/dissemination-of-legal-time/dcf77.html}
}
@mics{dcf77,
    JOURNAL = {wiki},
    AUTHOR = {Wikipedie},
    TITLE = {DCF77},
    MONTH = {Mar},
    YEAR = {2022},
    NOTE = {Accessed on 2022-25-03},
    URL = {https://en.wikipedia.org/wiki/DCF77}
}
@mics{rs485,
    JOURNAL = {wiki},
    AUTHOR = {Wikipedie},
    TITLE = {RS-485 serial bus},
    MONTH = {Mar},
    YEAR = {2022},
    NOTE = {Accessed on 2022-25-03},
    URL = {https://en.wikipedia.org/wiki/RS-485}
}

@book{book01,
    title = {Antenna handbook},
    editor = {Y. To. Lo},
    year = {1993},
    adress = {New York},
    edition = {3},
    publisher = {Van Nostrad Reinhold},
    author = {S. W. Lee},
}

@book{book02,
    title = {The theory and design of inductance coils},
    editor = {W. G. Radley},
    year = {1950},
    adress = {London},
    edition = {1},
    publisher = {MACDONALD \& Co.},
    author = {V. G. Welsby},
}

@book{book03,
    title = {RF Design Guide},
    editor = {Systems, circuits and equations},
    year = {1954},
    adress = {CA},
    edition = {2},
    publisher = {Artek House},
    author = {Peter Vizmuller},
}
@book{book04,
    title = {Antenna theory, analysis and design},
    editor = {Arizona university},
    year = {1997},
    adress = {New York},
    edition = {2},
    publisher = {John Wiley \& Sons},
    author = {Constantine A. Balanis},
}
